@book{filipek:lambda,
  title = {{C++ Lambda Story}},
  author = {Filipek, Bartlomiej},
  year = 2021,
  publisher = {Lean Publishing},
}
